@article{Shannon1948A,
  title   = {A Mathematical Theory of Communication},
  author  = {Shannon and  C., E. },
  journal = {Bell Systems Technical Journal},
  volume  = {27},
  number  = {4},
  pages   = {623-656},
  year    = {1948}
}
@article{1996Simulation,
  title   = {Simulation-based comparisons of Tahoe, Reno and SACK TCP},
  author  = { Fall, Kevin  and  Floyd, Sally },
  journal = {ACM SIGCOMM Computer Communication Review},
  year    = {1996}
}
@article{Jain1990Congestion,
  title   = {Congestion control in computer networks: issues and trends},
  author  = {Jain and R.},
  journal = {IEEE Network Magazine},
  volume  = {4},
  number  = {3},
  pages   = {24-30},
  year    = {1990}
}
@article{1997An,
  title   = {An Engineering Approach to Computer Networking},
  author  = { Srinivasan, Keshav },
  journal = {Addison-Wesley,},
  year    = {1997}
}

@book{Kleinrock1975Queueing,
  title     = {Queueing systems : v.1. : Theory},
  author    = {Kleinrock and Leonard},
  publisher = {Queueing systems : v.1. : Theory},
  year      = {1975}
}

@article{1981Transmission,
  title   = {Transmission Control Protocol},
  author  = { Postel, Jon },
  journal = {Rfc},
  volume  = {2},
  number  = {4},
  pages   = {595-599},
  year    = {1981}
}